<record><leader>02350cam a2200445 i 4500</leader><controlfield tag="001">6755241</controlfield><controlfield tag="003">OCoLC</controlfield><controlfield tag="005">20150410063440.7</controlfield><controlfield tag="008">140902s2015    cau      b    001 0 eng  </controlfield><datafield ind1=" " ind2=" " tag="010"><subfield code="a">  2014029195</subfield></datafield><datafield ind1=" " ind2=" " tag="020"><subfield code="a">9781412972123 (alk. paper)</subfield></datafield><datafield ind1=" " ind2=" " tag="020"><subfield code="a">1412972124 (alk. paper)</subfield></datafield><datafield ind1=" " ind2=" " tag="035"><subfield code="a">ocn890080219</subfield></datafield><datafield ind1=" " ind2=" " tag="040"><subfield code="a">DLC</subfield><subfield code="b">eng</subfield><subfield code="e">rda</subfield><subfield code="c">DLC</subfield><subfield code="d">YDXCP</subfield><subfield code="d">CCD</subfield><subfield code="d">CDX</subfield><subfield code="d">CHVBK</subfield><subfield code="d">OCLCF</subfield><subfield code="d">TTS</subfield><subfield code="d">AEU</subfield></datafield><datafield ind1=" " ind2=" " tag="042"><subfield code="a">pcc</subfield></datafield><datafield ind1="0" ind2="0" tag="050"><subfield code="a">H62</subfield><subfield code="b">.P3218 2015</subfield></datafield><datafield ind1="0" ind2="0" tag="082"><subfield code="a">001.4/2</subfield><subfield code="2">23</subfield></datafield><datafield ind1=" " ind2=" " tag="090"><subfield code="a">H 62 P3218 2015</subfield><subfield code="b">AVC</subfield></datafield><datafield ind1=" " ind2=" " tag="090"><subfield code="a">300.72 PAT</subfield><subfield code="b">AEVC</subfield></datafield><datafield ind1=" " ind2=" " tag="090"><subfield code="a">H 62 P3145 2015</subfield><subfield code="b">AEU</subfield></datafield><datafield ind1="1" ind2=" " tag="100"><subfield code="a">Patton, Michael Quinn.</subfield></datafield><datafield ind1="1" ind2="0" tag="240"><subfield code="a">Qualitative evaluation methods</subfield></datafield><datafield ind1="1" ind2="0" tag="245"><subfield code="a">Qualitative research &amp; evaluation methods :</subfield><subfield code="b">integrating theory and practice /</subfield><subfield code="c">Michael Quinn Patton.</subfield></datafield><datafield ind1="3" ind2=" " tag="246"><subfield code="a">Qualitative research and evaluation methods</subfield></datafield><datafield ind1=" " ind2=" " tag="250"><subfield code="a">Fourth edition.</subfield></datafield><datafield ind1=" " ind2="1" tag="264"><subfield code="a">Thousand Oaks, California :</subfield><subfield code="b">SAGE Publications, Inc.,</subfield><subfield code="c">[2015]</subfield></datafield><datafield ind1=" " ind2=" " tag="300"><subfield code="a">xxi, 806 pages ;</subfield><subfield code="c">29 cm</subfield></datafield><datafield ind1=" " ind2=" " tag="336"><subfield code="a">text</subfield><subfield code="b">txt</subfield><subfield code="2">rdacontent</subfield></datafield><datafield ind1=" " ind2=" " tag="337"><subfield code="a">unmediated</subfield><subfield code="b">n</subfield><subfield code="2">rdamedia</subfield></datafield><datafield ind1=" " ind2=" " tag="338"><subfield code="a">volume</subfield><subfield code="b">nc</subfield><subfield code="2">rdacarrier</subfield></datafield><datafield ind1=" " ind2=" " tag="500"><subfield code="a">Revised edition of the author's Qualitative evaluation methods.</subfield></datafield><datafield ind1=" " ind2=" " tag="504"><subfield code="a">Includes bibliographical references and index.</subfield></datafield><datafield ind1="0" ind2=" " tag="505"><subfield code="a">The nature, niche, value, and fruit of qualitative inquiry -- Strategic themes in qualitative inquiry -- Variety of qualitative inquiry frameworks : paradigmatic, philosophical, and theoretical orientations -- Practical and actionable qualitative applications -- Designing qualitative studies -- Fieldwork strategies and observation methods -- Qualitative interviewing -- Qualitative analysis and interpretation -- Enhancing the quality and credibility of qualitative studies.</subfield></datafield><datafield ind1=" " ind2=" " tag="596"><subfield code="a">3 43 52</subfield></datafield><datafield ind1=" " ind2="0" tag="650"><subfield code="a">Social sciences</subfield><subfield code="x">Methodology.</subfield></datafield><datafield ind1=" " ind2="0" tag="650"><subfield code="a">Evaluation research (Social action programs)</subfield></datafield><datafield ind1=" " ind2=" " tag="949"><subfield code="a">H 62 P3218 2015</subfield><subfield code="w">LC</subfield><subfield code="h">LKLL-B</subfield><subfield code="i">38288001111159</subfield><subfield code="l">IN_PROCESS</subfield></datafield><datafield ind1=" " ind2=" " tag="926"><subfield code="a">300.72 PAT</subfield><subfield code="w">DEWEY</subfield><subfield code="c">1</subfield><subfield code="i">33862001350242</subfield><subfield code="d">4/3/2017</subfield><subfield code="e">4/3/2017</subfield><subfield code="k">CHECKEDOUT</subfield><subfield code="l">ON_SHELF</subfield><subfield code="m">NORQ_MAIN</subfield><subfield code="n">36</subfield><subfield code="p">$102.03</subfield><subfield code="r">M</subfield><subfield code="s">Y</subfield><subfield code="t">BOOK</subfield><subfield code="u">12/19/2014</subfield></datafield><datafield ind1=" " ind2=" " tag="926"><subfield code="a">H 62 P3145 2015</subfield><subfield code="w">LC</subfield><subfield code="c">1</subfield><subfield code="i">0162035266954</subfield><subfield code="d">3/20/2017</subfield><subfield code="e">3/20/2017</subfield><subfield code="k">CHECKEDOUT</subfield><subfield code="l">ON_SHELF</subfield><subfield code="m">UAHSS</subfield><subfield code="n">21</subfield><subfield code="p">$150.00</subfield><subfield code="r">M</subfield><subfield code="s">Y</subfield><subfield code="t">BOOK</subfield><subfield code="u">4/7/2015</subfield></datafield><datafield ind1=" " ind2=" " tag="926"><subfield code="a">H 62 P3218 2015</subfield><subfield code="w">LC</subfield><subfield code="c">1</subfield><subfield code="i">38288001111159</subfield><subfield code="d">3/31/2017</subfield><subfield code="e">3/31/2017</subfield><subfield code="k">CHECKEDOUT</subfield><subfield code="l">ON_SHELF</subfield><subfield code="m">LAKELND_LL</subfield><subfield code="n">27</subfield><subfield code="p">$150.00</subfield><subfield code="r">M</subfield><subfield code="s">Y</subfield><subfield code="t">BOOK</subfield><subfield code="u">6/3/2015</subfield></datafield></record>